@misc{sphere_website,
   author = "SPHERE",
   title = "SPHERE Website",
   year = "2016",
   url = "\url{http://www.irc-sphere.ac.uk/about}",
   note = "[Accessed 2nd April 2016]"
 }
 
@misc{wikipedia_clock_synchronisation,
   author = "Wikipedia",
   title = "Clock Synchronisation",
   year = "2016",
   url = "\url{https://en.wikipedia.org/wiki/Clock_synchronization}",
   note = "[Accessed 20th April 2016]"
 }